%%
%% WinShell 3.3.2.6
%% http://www.winshell.org/
%%

% Strings


% Preamble


% BibTeX Entries
@online{chat-bot,
  author = {Kate Brush, Jesse Scardina},
  title  = {Definition chatbot},
  url    = {https://searchcustomerexperience.techtarget.com/definition/chatbot}
}
@online{1,
  author  = {Pavlo Bashmakov},
  title   = {Advanced Natural Language Processing Tools for Bot Makers – LUIS, Wit.ai, Api.ai and others (UPDATED)},
  url     = {https://www.intellectsoft.net/blog/advanced-natural-language-processing-tools-for-bot-makers/},
  urldate = {Dec 22, 2016}
}
@online{2,
  author = {Michael Collins},
  title  = {Hidden Markov models and tagging (sequence labeling) problems},
  url    = {http://www.cs.columbia.edu/~mcollins/hmms-spring2013.pdf}
}
@online{3,
  author = {Michael Collins},
  title  = {Log-Linear Models, MEMMs, and CRFs},
  url    = {http://www.cs.columbia.edu/~mcollins/crf.pdf}
}
@online{4,
  author = {Taku Kudo},
  title  = {CRF++: Yet Another CRF toolkit},
  url    = {https://taku910.github.io/crfpp/}
}
@online{5,
  author = {Naoaki Okazaki},
  title  = {CRFsuite: A fast implementation of Conditional Random Fields (CRFs)},
  url    = {http://www.chokkan.org/software/crfsuite/}
}
@online{6,
  author = {Mallet toolkit},
  url    = {http://mallet.cs.umass.edu/}
}
@article{snips-nlu,
  title   = {Snips voice platform: an embedded spoken language understanding system for private-by-design voice interfaces},
  author  = {Coucke, Alice and Saade, Alaa and Ball, Adrien and Bluche, Th{\'e}odore and Caulier, Alexandre and Leroy, David and Doumouro, Cl{\'e}ment and Gisselbrecht, Thibault and Caltagirone, Francesco and Lavril, Thibaut and others},
  journal = {arXiv preprint arXiv:1805.10190},
  year    = {2018},
  pages   = {12-16}
}
@article{EvaluatingNLU,
  title     = {Evaluating Natural Language Understanding Services for Conversational Question Answering Systems},
  author    = {Daniel, Braun and Adrian, Hernandez Mendez and Florian, Matthes and Manfred, Langen},
  year      = {2017},
  pages     = {174–185},
  url       = {https://aclanthology.org/W17-5522},
  publisher = {Association for Computational Linguistics}
}
@article{BenchmarkingNLU,
  title   = {Benchmarking Natural Language Understanding Services for building Conversational Agents},
  author  = {Xingkun, Liu and Arash, Eshghi and Pawel, Swietojanski and Verena, Rieser},
  journal = {arXiv preprint arXiv:1903.05566},
  year    = {2019}
}
@article{vncorenlu,
  title     = {VnCoreNLP: A Vietnamese Natural Language Processing Toolkit},
  author    = {Vu, Thanh  and Nguyen, Dat Quoc  and Nguyen, Dai Quoc  and Dras, Mark  and Johnson, Mark},
  month     = {jun},
  year      = {2018},
  publisher = {Association for Computational Linguistics},
  url       = {https://aclanthology.org/N18-5012}
}
@online{google-map,
  author  = {Online},
  title   = {Google Map API},
  url     = {https://developers.google.com/maps/documentation},
  urldate = {2020-12}
}
@online{Snipsnlu,
  author  = {Snips},
  title   = {Snips-NLU},
  url     = {https://snips-nlu.readthedocs.io/en/latest/},
  urldate = {2020-12}
}
@online{ggmaps,
  author  = {Google},
  title   = {Google Maps},
  url     = {https://www.google.com/maps/},
  urldate = {2020-12}
}
@online{stt,
  title   = {Speech To Text},
  url     = {https://pub.dev/packages/speech_to_text},
  urldate = {2020-12}
}
@online{tts,
  title   = {Text To Speech},
  url     = {https://pub.dev/packages/flutter_tts},
  urldate = {2020-12}
}
